%% This BibTeX bibliography file was created using BibDesk.
%% https://bibdesk.sourceforge.io/

%% Created for Nima Karimi at 2023-07-06 14:56:53 +0200 


%% Saved with string encoding Unicode (UTF-8) 



@article{cappelletti2022machine,
	author = {Cappelletti, Giulio Mario and Grilli, Luca and Russo, Carlo and Santoro, Domenico},
	date-added = {2023-07-06 14:55:47 +0200},
	date-modified = {2023-07-06 14:56:16 +0200},
	journal = {Applied Sciences},
	keywords = {Foggia},
	number = {17},
	pages = {8774},
	publisher = {MDPI},
	title = {Machine Learning and Sustainable Mobility: The Case of the University of Foggia (Italy)},
	volume = {12},
	year = {2022},
	bdsk-file-1 = {YnBsaXN0MDDSAQIDBFxyZWxhdGl2ZVBhdGhZYWxpYXNEYXRhXxApLi4vLi4vLi4vcGFwZXJzLzMtYXBwbHNjaS0xMi0wODc3NC12Mi5wZGZPEQGUAAAAAAGUAAIAAAxNYWNpbnRvc2ggSEQAAAAAAAAAAAAAAAAAAADgsK+9QkQAAf////8ZMy1hcHBsc2NpLTEyLTA4Nzc0LXYyLnBkZgAAAAAAAAAAAAAAAAAAAAAAAAAAAAAAAAAAAAAAAAAAAAAAAAAA/////+BR/CoAAAAAAAAAAAADAAIAAAogY3UAAAAAAAAAAAAAAAAABnBhcGVycwACAEMvOlVzZXJzOm5pbWFrYXJpbWk6RGVza3RvcDpMYSB0ZXNpOnBhcGVyczozLWFwcGxzY2ktMTItMDg3NzQtdjIucGRmAAAOADQAGQAzAC0AYQBwAHAAbABzAGMAaQAtADEAMgAtADAAOAA3ADcANAAtAHYAMgAuAHAAZABmAA8AGgAMAE0AYQBjAGkAbgB0AG8AcwBoACAASABEABIAQVVzZXJzL25pbWFrYXJpbWkvRGVza3RvcC9MYSB0ZXNpL3BhcGVycy8zLWFwcGxzY2ktMTItMDg3NzQtdjIucGRmAAATAAEvAAAVAAIAEf//AAAACAANABoAJABQAAAAAAAAAgEAAAAAAAAABQAAAAAAAAAAAAAAAAAAAeg=}}

@article{wagner2022:urban-sm,
  title={Using explainable machine learning to understand how urban form shapes sustainable mobility},
  author={Wagner, Felix and Milojevic-Dupont, Nikola and Franken, Lukas and Zekar, Aicha and Thies, Ben and Koch, Nicolas and Creutzig, Felix},
  journal={Transportation Research Part D: Transport and Environment},
  volume={111},
  pages={103442},
  year={2022},
  publisher={Elsevier}
}

@article{castaneda2021:sustainable-transportation,
  title={Supervised machine learning algorithms for measuring and promoting sustainable transportation and green logistics},
  author={Castaneda, Juliana and Cardona, John F and Martins, Leandro do C and Juan, Angel A},
  journal={Transportation Research Procedia},
  volume={58},
  pages={455--462},
  year={2021},
  publisher={Elsevier}
}

@article{dogra2022iot,
  title={Moving towards smart transportation with machine learning and Internet of Things (IoT): a review},
  author={Dogra, Ajay Kumar and Kaur, Jagdeep},
  journal={Journal of Smart Environments and Green Computing},
  volume={2},
  number={1},
  pages={3--18},
  year={2022}
}

@article{de2021:ml:sustainable-transportation,
  title={Simulation, optimization, and machine learning in sustainable transportation systems: models and applications},
  author={de la Torre, Rocio and Corlu, Canan G and Faulin, Javier and Onggo, Bhakti S and Juan, Angel A},
  journal={Sustainability},
  volume={13},
  number={3},
  pages={1551},
  year={2021},
  publisher={MDPI}
}